@article{localizacaoEMapeamentoPaulo,
	Author = {Paulo Roberto Godoi De Oliveira},
	Title = {Auto-Localização e Construção de Mapas de Ambiente para Robôs Móveis Baseados em Visão Omnidirecional Estéreo},
	Year = {2008},
	Address = {São Paulo, Brasil},
}

@book{roboticaIndustrial,
	Author = {Vitor Ferreira Romano},
	Title = {Introdução à Robótica Industrial},
	Year = {2002},
	Booktitle = {Robótica Industrial: Aplicação na Indústria de Manufatura e de Processos.},
	publisher = {Edgard Blücher Ltda},
	isbn = 8521203152,
}

@book{interacaoRoboAmbiente,
	Author = {Anna Helena Reali Costa and
	 Jun {Okamoto Jr.}},
	Title = {Robótica Industrial - Interação de Robô no Ambiente},
	Year = {2002},
	publisher = {Edgard Blücher Ltda},
	Booktitle = {Robótica Industrial: Aplicação na Indústria de Manufatura e de Processos.},
	isbn = 8521203152,
}

@article{roboBulldozerIV,
	Author = {Frederico M. Santos and Valter F. Silva and Luís Almeida},
	Title = {Auto-localização em Pequenos Robôs Móveis e Autônomos:
O Caso do Robô Bulldozer IV},
	Year = {2002},
}

@article{ciber-rato,
	Author = {Nuno Lau and Arthur Pereira and Andreia Melo and António Neves and João Figueiredo},
	Title = {Ciber-Rato: Uma Competição Robótica num Ambiente Virtual},
	Year = {2002},
}

@article{slamProblem,
	Author = {Gamini Dissanayake and Paul Newman and Steven Clark and Hugh F. Durrant-Whyte and M. Csorba},
	Title = {A Solution to the Simultaneous Localization and Map Building (SLAM) Problem},
	Year = {2001},
	Address = {The University of Sydney, Australia},
}

@article{teachingWithRoboticKit,
	Author = {Stefano Galvan and Debora Botturi and Andrea Castellani and Paolo Fiorini},
	Title = {Innovative Robotics Teaching Using Lego Sets},
	Year = {2006},
	Address = {University of Verona, Italy},
}

@article{drawLegoRobot,
	Author = {Ákos Hámori and János Lengyel and Barna Reskó},
	Title = {3DOF drawing robot using LEGO-NXT},
	Year = {2011},
	Address = {Óbuda University, Hungary},
}

@article{roboticEducationBasedLego,
	Author = {Shuying Zhao and Wenjun Tan and Shiguang Wen and Chongshuang Guo},
	Title = {Research on Robotic Education Based on LEGO Bricks},
	Year = {2008},
	Address = {School of Information Science and Engineering, Northeastern University},
}

@article{evaluationRoboticEducationScale,
	Author = {Ahmad Faizal Abdul Wahab1 and Mustaffa Halabi Azahari2 and Rosita Mohd Tajuddin1},
	Title = {An Evaluation of Robotic Education Scale in Enhancing Science Achievement},
	Year = {2015},
	Address = {Universiti Teknologi MARA},
}

@article{roboticaEducacionalAulasMatematica,
	Author = {Karina Disconsi Maliuk},
	Title = {Robótica Educacional como Cenário Investigativo nas Aulas de Matemática},
	Year = {2009},
	Address = {Universidade Federal do Rio Grande do Sul, Porto Alegre},
}

@article{metodologiaCientifica,
	Author = {Maxwell Ferreira de Oliveira},
	Title = {METODOLOGIA CIENTÍFICA: um manual para a realização de pesquisas em administração},
	Year = {2011},
	Address = {Universidade Federal de Goiás, Catalão GO},
}












@inproceedings{sparrow1980,
	Author = {E. M. Sparrow},
	Title = {Forced Convection Heat Transfer in a Duct Having Spanwise-Periodic
	Rectangular Protuberances},
	Year = {1980},
	Pages = {149-167},
	Volume = {3},
	Booktitle = {Numerical Heat Transfer},
}


@inproceedings{brandtner_supporting_2014,
	Author = {Brandtner, Martin and Giger, Emanuel and Gall, Harald},
	Booktitle = {Software {Maintenance}, {Reengineering} and {Reverse} {Engineering} ({CSMR}-{WCRE}), 2014 {Software} {Evolution} {Week}-{IEEE} {Conference} on},
	Pages = {184--193},
	Publisher = {IEEE},
	Title = {Supporting continuous integration by mashing-up software quality information},
	Url = {http://ieeexplore.ieee.org/xpls/abs_all.jsp?arnumber=6747169},
	Urldate = {2015-11-20},
	Year = {2014},
	Bdsk-Url-1 = {http://ieeexplore.ieee.org/xpls/abs_all.jsp?arnumber=6747169}}


@article{coimbra1978,
	Author = {A. L. Coimbra},
	Title = {Lessons of Continuum Mechanics},
	Year = {1978},
	Address = {São Paulo, Brazil},
	Pages = {428},
	Editor = {Edgard Blücher},
}

@inproceedings{bordalo1989,
	Author = {S. N. Bordalo and J. H. Ferziger and S. J. Kline},
	Title = {The Development of Zonal Models for Turbulence},
	Year = {1989},
	Pages = {41-44},
	Booktitle = {Proceedings of the 10th Brazilian Congress of Mechanical
	Engineering}, 
	Volume = {1},	
}

@manual{NBR14724:2011,
	Address = {Rio de Janeiro},
	Date-Added = {2012-12-15 20:34:08 +0000},
	Date-Modified = {2012-12-15 20:35:25 +0000},
	Month = mar,
	Org-Short = {ABNT},
	Organization = {Associa{\c c}\~ao Brasileira de Normas T\'ecnicas},
	Pages = 15,
	Subtitle = {Informa{\c c}\~ao e documenta{\c c}\~ao --- trabalhos acad\^emicos --- apresenta{\c c}\~ao},
	Title = {{NBR} 14724},
	Year = 2011
}

@manual{NBR6034:2000,
	Address = {Rio de Janeiro},
	Org-Short = {ABNT},
	Organization = {Associa{\c c}\~ao Brasileira de Normas T\'ecnicas},
	Subtitle = {Informa{\c c}\~ao e documenta{\c c}\~ao --- Referências},
	Title = {{NBR} 14724},
	Year = 2000
}

x



